@misc{ICAO,
	author = "ICAO",
	title = "ICAO 9303: Machine Readable Travel Documents",
	howpublished = {\url{https://www.icao.int/publications/pages/publication.aspx?docnum=9303}},
	note = "Accessed: 11-09-2017"
}

@misc{JMRTDSite,
	author = {Martin Oostdijk},
	title = {JMRTD},
	howpublished = {\url{https://www.jmrtd.org}},
	note = "Accessed: 11-09-2017"
}
